% This file was created with JabRef 2.10.
% Encoding: UTF-8


@Book{dummit,
  Title                    = {Abstract Algebra},
  Author                   = {David S. Dummit, Richard M. Foote},
  Publisher                = {Wiley},
  Year                     = {2003},
  Edition                  = {3},

  ISBN                     = {0471433349,9780471433347},
  Url                      = {http://gen.lib.rus.ec/book/index.php?md5=6851c60611456d83fcd8cfbe7461085d}
}

@Book{alexeev,
  Title                    = {Теорема Абеля в задачах с решениями},
  Author                   = {В. Б. Алексеев},
  Publisher                = {МЦНМО},
  Year                     = {2017},

  Owner                    = {net},
  Timestamp                = {2019.02.02}
}

@Article{dubr,
  Title                    = {Математика волшебного кубика},
  Author                   = {В. Н. Дубровский},
  Journal                  = {Квант},
  Year                     = {1982},
  Number                   = {8},
  Pages                    = {22-27}
}

@Book{vinberg,
  Title                    = {Курс алгебры},
  Author                   = {Э. Б. Винберг},
  Publisher                = {МЦНМО},
  Year                     = {2014},
  Edition                  = {2},

  ISBN                     = {978-5-4439-2013-9},
  Url                      = {http://gen.lib.rus.ec/book/index.php?md5=a6e8243a99471d521c207e2a321b7d7d}
}

